<?xml version="1.0" encoding="UTF-8"?><collection xmlns="http://www.loc.gov/MARC21/slim"><record><leader>00362nam--2200133-i-4500</leader><controlfield tag="001">000001790</controlfield><controlfield tag="002">20161230</controlfield><controlfield tag="005">20161230201024</controlfield><controlfield tag="008">060222s1000------------r-----000-0-eng-d</controlfield><datafield ind1=" " ind2=" " tag="080"><subfield code="a">546</subfield></datafield><datafield ind1=" " ind2=" " tag="100"><subfield code="a">Dolezal, J., Povondra, P., Sulcek, Z</subfield></datafield><datafield ind1=" " ind2=" " tag="245"><subfield code="a">Decomposition techniques in inorganic analysis</subfield></datafield><datafield ind1=" " ind2=" " tag="260"><subfield code="a">London, Iliffe Books Ltd., 1966. 224 P</subfield></datafield><datafield ind1=" " ind2=" " tag="852"><subfield code="a">30954</subfield></datafield></record></collection>